@book{krippendorff2004,
  author    = {Krippendorff, Klaus},
  title     = {Content Analysis: An Introduction to Its Methodology},
  edition   = {2},
  year      = {2004},
  publisher = {Sage Publications},
  address   = {Thousand Oaks, CA}
}

@article{landis1977,
  title={The measurement of observer agreement for categorical data},
  author={Landis, J. Richard and Koch, Gary G.},
  journal={Biometrics},
  volume={33},
  number={1},
  pages={159--174},
  year={1977},
  publisher={JSTOR},
  doi={10.2307/2529310}
}

@article{kendall1938,
  author    = {Kendall, Maurice G.},
  title     = {A New Measure of Rank Correlation},
  journal   = {Biometrika},
  volume    = {30},
  number    = {1-2},
  pages     = {81--93},
  year      = {1938},
  doi       = {10.2307/2332226}
}



