@article{msmarco-original,
  title   = {MS MARCO: A Human Generated Machine Reading Comprehension Dataset},
  author  = {Nguyen, Tri and Rosenberg, Mir and Song, Xia and Gao, Jianfeng and Tiwary, Saurabh and Majumder, Rangan and Deng, Li},
  journal = {arXiv preprint arXiv:1611.09268},
  year    = {2016}
}

@article{msmarco-v2,
  title   = {MS MARCO: A Human Generated Machine Reading Comprehension Dataset},
  author  = {Bajaj, Payal and Campos, Daniel and Craswell, Nick and Deng, Li and Gao, Jianfeng and Liu, Xiaodong and Majumder, Rangan and McNamara, Andrew and Mitra, Bhaskar and Nguyen, Tri and Rosenberg, Mir and Song, Xia and Stoica, Alina and Tiwary, Saurabh and Wang, Tong},
  journal = {arXiv preprint arXiv:1611.09268},
  year    = {2018}
}

@misc{trec-2019,
      title={Overview of the TREC 2019 deep learning track}, 
      author={Nick Craswell and Bhaskar Mitra and Emine Yilmaz and Daniel Campos and Ellen M. Voorhees},
      year={2020},
      eprint={2003.07820},
      archivePrefix={arXiv},
      primaryClass={cs.IR},
      url={https://arxiv.org/abs/2003.07820}, 
}

@misc{judgingthejudges,
      title={Judging the Judges: A Collection of LLM-Generated Relevance Judgements}, 
      author={Hossein A. Rahmani and Clemencia Siro and Mohammad Aliannejadi and Nick Craswell and Charles L. A. Clarke and Guglielmo Faggioli and Bhaskar Mitra and Paul Thomas and Emine Yilmaz},
      year={2025},
      eprint={2502.13908},
      archivePrefix={arXiv},
      primaryClass={cs.IR},
      url={https://arxiv.org/abs/2502.13908}, 
}

@misc{umbrela,
      title={UMBRELA: UMbrela is the (Open-Source Reproduction of the) Bing RELevance Assessor}, 
      author={Shivani Upadhyay and Ronak Pradeep and Nandan Thakur and Nick Craswell and Jimmy Lin},
      year={2024},
      eprint={2406.06519},
      archivePrefix={arXiv},
      primaryClass={cs.IR},
      url={https://arxiv.org/abs/2406.06519}, 
}

@inproceedings{thomas2024,
  author    = {Thomas, Paul and Spielman, Seth and Craswell, Nick and Mitra, Bhaskar},
  title     = {Large Language Models Can Accurately Predict Searcher Preferences},
  booktitle = {Proceedings of the 47th International ACM SIGIR Conference on Research and Development in Information Retrieval},
  year      = {2024},
  isbn      = {9798400704314},
  publisher = {Association for Computing Machinery},
  address   = {New York, NY, USA},
  url       = {https://doi.org/10.1145/3626772.3657707},
  doi       = {10.1145/3626772.3657707},
  pages     = {1930--1940},
  numpages  = {11},
  keywords  = {labelling, metametrics, offline evaluation},
  location  = {Washington DC, USA},
  series    = {SIGIR '24}
}

% =========================
% Websites
% =========================
@misc{msmarco-github,
  author       = {Microsoft},
  title        = {Ms Marco},
  howpublished = {\url{https://microsoft.github.io/msmarco/}},
  note         = {Accessed: 2025-09-30}
}




